[gd_scene load_steps=80 format=2]

[ext_resource path="res://Scripts/Scenes/Battle/Units/mobile_unit.gd" type="Script" id=1]
[ext_resource path="res://Scripts/Scenes/Battle/Units/Weapons/melee_weapon.gd" type="Script" id=2]
[ext_resource path="res://Scripts/Scenes/Battle/Units/vehicle.gd" type="Script" id=3]
[ext_resource path="res://Scripts/Scenes/Battle/Units/Types/general_melee_state_machine.gd" type="Script" id=4]
[ext_resource path="res://Scripts/Scenes/Battle/Units/States/GeneralPlayer/follow_path.gd" type="Script" id=5]
[ext_resource path="res://Scripts/Scenes/Battle/Units/States/GeneralPlayer/find_path_to_boss.gd" type="Script" id=6]
[ext_resource path="res://Scripts/Scenes/Battle/Units/States/GeneralPlayer/idle.gd" type="Script" id=7]
[ext_resource path="res://Scripts/Scenes/Battle/Units/States/GeneralPlayer/move_to_attack.gd" type="Script" id=8]
[ext_resource path="res://Scripts/Scenes/Battle/Units/States/GeneralPlayer/attack.gd" type="Script" id=9]
[ext_resource path="res://Scripts/Scenes/Battle/Units/States/GeneralPlayer/search_for_new_target.gd" type="Script" id=10]
[ext_resource path="res://Scripts/Scenes/Battle/Units/States/GeneralPlayer/die.gd" type="Script" id=11]
[ext_resource path="res://Assets/textures/units/units.sprites/peasant/team2/walk/people_41.tres" type="Texture" id=12]
[ext_resource path="res://Assets/textures/units/units.sprites/peasant/team2/walk/people_42.tres" type="Texture" id=13]
[ext_resource path="res://Assets/textures/units/units.sprites/peasant/team2/walk/people_43.tres" type="Texture" id=14]
[ext_resource path="res://Assets/textures/units/units.sprites/peasant/team2/walk/people_44.tres" type="Texture" id=15]
[ext_resource path="res://Assets/textures/units/units.sprites/necromancer/walk/monster_227.tres" type="Texture" id=16]
[ext_resource path="res://Assets/textures/units/units.sprites/necromancer/walk/monster_228.tres" type="Texture" id=17]
[ext_resource path="res://Assets/textures/units/units.sprites/mage/team1/walk/people_81.tres" type="Texture" id=18]
[ext_resource path="res://Assets/textures/units/units.sprites/mage/team1/walk/people_82.tres" type="Texture" id=19]
[ext_resource path="res://Assets/textures/units/units.sprites/mage/team1/walk/people_83.tres" type="Texture" id=20]
[ext_resource path="res://Assets/textures/units/units.sprites/mage/team1/walk/people_84.tres" type="Texture" id=21]
[ext_resource path="res://Assets/textures/units/units.sprites/towers/team2/tower2.tres" type="Texture" id=22]
[ext_resource path="res://Assets/textures/units/units.sprites/peasant/team1/walk/people_21.tres" type="Texture" id=23]
[ext_resource path="res://Assets/textures/units/units.sprites/peasant/team1/walk/people_22.tres" type="Texture" id=24]
[ext_resource path="res://Assets/textures/units/units.sprites/peasant/team1/walk/people_23.tres" type="Texture" id=25]
[ext_resource path="res://Assets/textures/units/units.sprites/peasant/team1/walk/people_24.tres" type="Texture" id=26]
[ext_resource path="res://Assets/textures/units/units.sprites/minotaur/walk/monster_115.tres" type="Texture" id=27]
[ext_resource path="res://Assets/textures/units/units.sprites/minotaur/walk/monster_116.tres" type="Texture" id=28]
[ext_resource path="res://Assets/textures/units/units.sprites/mage/team2/walk/people_101.tres" type="Texture" id=29]
[ext_resource path="res://Assets/textures/units/units.sprites/mage/team2/walk/people_102.tres" type="Texture" id=30]
[ext_resource path="res://Assets/textures/units/units.sprites/mage/team2/walk/people_103.tres" type="Texture" id=31]
[ext_resource path="res://Assets/textures/units/units.sprites/mage/team2/walk/people_104.tres" type="Texture" id=32]
[ext_resource path="res://Assets/textures/units/units.sprites/archer/team1/walk/people_25.tres" type="Texture" id=33]
[ext_resource path="res://Assets/textures/units/units.sprites/archer/team1/walk/people_26.tres" type="Texture" id=34]
[ext_resource path="res://Assets/textures/units/units.sprites/archer/team1/walk/people_27.tres" type="Texture" id=35]
[ext_resource path="res://Assets/textures/units/units.sprites/archer/team1/walk/people_28.tres" type="Texture" id=36]
[ext_resource path="res://Assets/textures/units/units.sprites/knight/team2/walk/people_33.tres" type="Texture" id=37]
[ext_resource path="res://Assets/textures/units/units.sprites/knight/team2/walk/people_34.tres" type="Texture" id=38]
[ext_resource path="res://Assets/textures/units/units.sprites/knight/team2/walk/people_35.tres" type="Texture" id=39]
[ext_resource path="res://Assets/textures/units/units.sprites/knight/team2/walk/people_36.tres" type="Texture" id=40]
[ext_resource path="res://Assets/textures/units/units.sprites/towers/team1/tower_1.tres" type="Texture" id=41]
[ext_resource path="res://Assets/textures/units/units.sprites/footsoldier/team2/walk/people_29.tres" type="Texture" id=42]
[ext_resource path="res://Assets/textures/units/units.sprites/footsoldier/team2/walk/people_30.tres" type="Texture" id=43]
[ext_resource path="res://Assets/textures/units/units.sprites/footsoldier/team2/walk/people_31.tres" type="Texture" id=44]
[ext_resource path="res://Assets/textures/units/units.sprites/footsoldier/team2/walk/people_32.tres" type="Texture" id=45]
[ext_resource path="res://Assets/textures/units/units.sprites/juggernaught/team1/walk/people_85.tres" type="Texture" id=46]
[ext_resource path="res://Assets/textures/units/units.sprites/juggernaught/team1/walk/people_86.tres" type="Texture" id=47]
[ext_resource path="res://Assets/textures/units/units.sprites/juggernaught/team1/walk/people_87.tres" type="Texture" id=48]
[ext_resource path="res://Assets/textures/units/units.sprites/juggernaught/team1/walk/people_88.tres" type="Texture" id=49]
[ext_resource path="res://Assets/textures/units/units.sprites/archer/team2/walk/people_05.tres" type="Texture" id=50]
[ext_resource path="res://Assets/textures/units/units.sprites/archer/team2/walk/people_06.tres" type="Texture" id=51]
[ext_resource path="res://Assets/textures/units/units.sprites/archer/team2/walk/people_07.tres" type="Texture" id=52]
[ext_resource path="res://Assets/textures/units/units.sprites/archer/team2/walk/people_08.tres" type="Texture" id=53]
[ext_resource path="res://Assets/textures/units/units.sprites/footsoldier/team1/people_09.tres" type="Texture" id=54]
[ext_resource path="res://Assets/textures/units/units.sprites/footsoldier/team1/people_10.tres" type="Texture" id=55]
[ext_resource path="res://Assets/textures/units/units.sprites/footsoldier/team1/people_11.tres" type="Texture" id=56]
[ext_resource path="res://Assets/textures/units/units.sprites/footsoldier/team1/people_12.tres" type="Texture" id=57]
[ext_resource path="res://Assets/textures/units/units.sprites/knight/team1/walk/people_13.tres" type="Texture" id=58]
[ext_resource path="res://Assets/textures/units/units.sprites/knight/team1/walk/people_14.tres" type="Texture" id=59]
[ext_resource path="res://Assets/textures/units/units.sprites/knight/team1/walk/people_15.tres" type="Texture" id=60]
[ext_resource path="res://Assets/textures/units/units.sprites/knight/team1/walk/people_16.tres" type="Texture" id=61]
[ext_resource path="res://Assets/textures/units/units.sprites/ice_golem/walk/monster_135.tres" type="Texture" id=62]
[ext_resource path="res://Assets/textures/units/units.sprites/ice_golem/walk/monster_136.tres" type="Texture" id=63]
[ext_resource path="res://Assets/textures/units/units.sprites/zombie/walk/monster_79.tres" type="Texture" id=64]
[ext_resource path="res://Assets/textures/units/units.sprites/zombie/walk/monster_80.tres" type="Texture" id=65]
[ext_resource path="res://Assets/textures/units/units.sprites/bat/fly/monster_189.tres" type="Texture" id=66]
[ext_resource path="res://Assets/textures/units/units.sprites/bat/fly/monster_190.tres" type="Texture" id=67]
[ext_resource path="res://Assets/textures/units/units.sprites/bat/fly/monster_191.tres" type="Texture" id=68]
[ext_resource path="res://Assets/textures/units/units.sprites/rat/walk/monster_03.tres" type="Texture" id=69]
[ext_resource path="res://Assets/textures/units/units.sprites/rat/walk/monster_04.tres" type="Texture" id=70]
[ext_resource path="res://Assets/textures/units/units.sprites/juggernaught/team2/walk/people_105.tres" type="Texture" id=71]
[ext_resource path="res://Assets/textures/units/units.sprites/juggernaught/team2/walk/people_106.tres" type="Texture" id=72]
[ext_resource path="res://Assets/textures/units/units.sprites/juggernaught/team2/walk/people_107.tres" type="Texture" id=73]
[ext_resource path="res://Assets/textures/units/units.sprites/juggernaught/team2/walk/people_108.tres" type="Texture" id=74]
[ext_resource path="res://Assets/textures/units/units.sprites/skeleton/walk/monster_65.tres" type="Texture" id=75]
[ext_resource path="res://Assets/textures/units/units.sprites/skeleton/walk/monster_66.tres" type="Texture" id=76]

[sub_resource type="CircleShape2D" id=1]

custom_solver_bias = 0.0
radius = 16.0

[sub_resource type="CircleShape2D" id=2]

custom_solver_bias = 0.0
radius = 150.0

[sub_resource type="SpriteFrames" id=3]

animations = [ {
"frames": [ ExtResource( 12 ), ExtResource( 13 ), ExtResource( 14 ), ExtResource( 15 ) ],
"loop": true,
"name": "peasant_2_walk",
"speed": 5.0
}, {
"frames": [ ExtResource( 16 ), ExtResource( 17 ) ],
"loop": true,
"name": "necromancer_1_walk",
"speed": 5.0
}, {
"frames": [ ExtResource( 18 ), ExtResource( 19 ), ExtResource( 20 ), ExtResource( 21 ) ],
"loop": true,
"name": "mage_1_walk",
"speed": 5.0
}, {
"frames": [ ExtResource( 22 ) ],
"loop": true,
"name": "tower2",
"speed": 5.0
}, {
"frames": [ ExtResource( 23 ), ExtResource( 24 ), ExtResource( 25 ), ExtResource( 26 ) ],
"loop": true,
"name": "peasant_1_walk",
"speed": 5.0
}, {
"frames": [ ExtResource( 27 ), ExtResource( 28 ) ],
"loop": true,
"name": "minotaur_walk",
"speed": 15.0
}, {
"frames": [ ExtResource( 29 ), ExtResource( 30 ), ExtResource( 31 ), ExtResource( 32 ) ],
"loop": true,
"name": "mage_2_walk",
"speed": 5.0
}, {
"frames": [ ExtResource( 33 ), ExtResource( 34 ), ExtResource( 35 ), ExtResource( 36 ) ],
"loop": true,
"name": "archer_1_walk",
"speed": 5.0
}, {
"frames": [ ExtResource( 37 ), ExtResource( 38 ), ExtResource( 39 ), ExtResource( 40 ) ],
"loop": true,
"name": "knight_2_walk",
"speed": 5.0
}, {
"frames": [ ExtResource( 41 ) ],
"loop": true,
"name": "tower_1",
"speed": 5.0
}, {
"frames": [ ExtResource( 42 ), ExtResource( 43 ), ExtResource( 44 ), ExtResource( 45 ) ],
"loop": true,
"name": "footsoldier_2_walk",
"speed": 5.0
}, {
"frames": [ ExtResource( 46 ), ExtResource( 47 ), ExtResource( 48 ), ExtResource( 49 ) ],
"loop": true,
"name": "juggernaut_1_walk",
"speed": 5.0
}, {
"frames": [ ExtResource( 50 ), ExtResource( 51 ), ExtResource( 52 ), ExtResource( 53 ) ],
"loop": true,
"name": "archer_2_walk",
"speed": 5.0
}, {
"frames": [ ExtResource( 54 ), ExtResource( 55 ), ExtResource( 56 ), ExtResource( 57 ) ],
"loop": true,
"name": "footsoldier_1_walk",
"speed": 5.0
}, {
"frames": [ ExtResource( 58 ), ExtResource( 59 ), ExtResource( 60 ), ExtResource( 61 ) ],
"loop": true,
"name": "knight_1_walk",
"speed": 5.0
}, {
"frames": [ ExtResource( 62 ), ExtResource( 63 ) ],
"loop": true,
"name": "ice_golem_walk",
"speed": 5.0
}, {
"frames": [ ExtResource( 64 ), ExtResource( 65 ) ],
"loop": true,
"name": "zombie_walk",
"speed": 5.0
}, {
"frames": [ ExtResource( 66 ), ExtResource( 67 ), ExtResource( 68 ) ],
"loop": true,
"name": "bat_fly",
"speed": 5.0
}, {
"frames": [ ExtResource( 69 ), ExtResource( 70 ) ],
"loop": true,
"name": "rat_walk",
"speed": 5.0
}, {
"frames": [ ExtResource( 71 ), ExtResource( 72 ), ExtResource( 73 ), ExtResource( 74 ) ],
"loop": true,
"name": "juggernaut_2_walk",
"speed": 5.0
}, {
"frames": [ ExtResource( 75 ), ExtResource( 76 ) ],
"loop": true,
"name": "skeleton_walk",
"speed": 5.0
} ]

[node name="Unit" type="RigidBody2D"]

z_as_relative = false
input_pickable = false
collision_layer = 1
collision_mask = 3
mode = 2
mass = 1.0
friction = 0.3
bounce = 0.0
gravity_scale = 1.0
custom_integrator = false
continuous_cd = 0
contacts_reported = 4
contact_monitor = true
sleeping = false
can_sleep = true
linear_velocity = Vector2( 0, 0 )
linear_damp = -1.0
angular_velocity = 0.0
angular_damp = -1.0
script = ExtResource( 1 )
_sections_unfolded = [ "Angular", "Collision", "Linear", "Pause", "Transform", "Visibility", "Z Index", "collision" ]
health = 100
team = null
speed = 50

[node name="Weapon" type="Node" parent="." index="0"]

script = ExtResource( 2 )
damage = 30
attack_range = 36
max_cooldown = 1.5

[node name="Vehicle" type="Node" parent="." index="1"]

script = ExtResource( 3 )
mass = 0.1
max_speed = 200
maxForce = 1
arriveThreshold = 100

[node name="StateMachine" type="Node" parent="." index="2"]

script = ExtResource( 4 )
START_STATE = null

[node name="FollowPath" type="Node" parent="StateMachine" index="0"]

script = ExtResource( 5 )

[node name="FindPathToBoss" type="Node" parent="StateMachine" index="1"]

script = ExtResource( 6 )

[node name="Idle" type="Node" parent="StateMachine" index="2"]

script = ExtResource( 7 )

[node name="MoveToAttack" type="Node" parent="StateMachine" index="3"]

script = ExtResource( 8 )

[node name="Attack" type="Node" parent="StateMachine" index="4"]

script = ExtResource( 9 )

[node name="SearchForNewTarget" type="Node" parent="StateMachine" index="5"]

script = ExtResource( 10 )

[node name="Die" type="Node" parent="StateMachine" index="6"]

script = ExtResource( 11 )

[node name="CollisionShape2D" type="CollisionShape2D" parent="." index="3"]

shape = SubResource( 1 )
_sections_unfolded = [ "Transform", "Visibility" ]

[node name="Aggro_Range" type="Area2D" parent="." index="4"]

input_pickable = true
gravity_vec = Vector2( 0, 1 )
gravity = 98.0
linear_damp = 0.1
angular_damp = 1.0
monitorable = false
collision_layer = 0
collision_mask = 9
audio_bus_override = false
audio_bus_name = "Master"
_sections_unfolded = [ "Collision", "Transform" ]

[node name="CollisionShape2D" type="CollisionShape2D" parent="Aggro_Range" index="0"]

shape = SubResource( 2 )
one_way_collision = true
_sections_unfolded = [ "Transform" ]

[node name="AnimatedSprite" type="AnimatedSprite" parent="." index="5"]

position = Vector2( 0, 8 )
frames = SubResource( 3 )
animation = "peasant_1_walk"
frame = 3
playing = true
_sections_unfolded = [ "Transform", "Z Index" ]


